<record><leader>00000cas a22000007a 4500</leader><controlfield tag="001">38528943</controlfield><controlfield tag="008">980228d19uu19uucauer ne      0    0eng d</controlfield><datafield ind1=" " ind2=" " tag="010"><subfield code="a">sn 97060504 </subfield></datafield><datafield ind1=" " ind2=" " tag="040"><subfield code="a">CNK</subfield><subfield code="b">eng</subfield><subfield code="c">CNK</subfield><subfield code="d">OCLCQ</subfield><subfield code="d">OCLCF</subfield><subfield code="d">OCLCO</subfield></datafield><datafield ind1="1" ind2=" " tag="029"><subfield code="a">AU@</subfield><subfield code="b">000013796913</subfield></datafield><datafield ind1=" " ind2=" " tag="042"><subfield code="a">msc</subfield></datafield><datafield ind1=" " ind2=" " tag="043"><subfield code="a">n-us-ca</subfield></datafield><datafield ind1="0" ind2=" " tag="130"><subfield code="a">Log (San Diego, Calif. : Los Angeles/Orange/Ventura/Santa Barbara County ed.)</subfield></datafield><datafield ind1="1" ind2="4" tag="245"><subfield code="a">The log.</subfield></datafield><datafield ind1="1" ind2="3" tag="246"><subfield code="a">Log and San Diego log</subfield></datafield><datafield ind1=" " ind2=" " tag="250"><subfield code="a">Los Angeles/Orange/Ventura/Santa Barbara County ed.</subfield></datafield><datafield ind1=" " ind2=" " tag="260"><subfield code="a">San Diego, Calif. :</subfield><subfield code="b">West Coast Community Newspapers</subfield></datafield><datafield ind1=" " ind2=" " tag="300"><subfield code="a">v.</subfield></datafield><datafield ind1=" " ind2=" " tag="310"><subfield code="a">Biweekly</subfield></datafield><datafield ind1=" " ind2=" " tag="500"><subfield code="a">"Southern California's boating newspaper since 1971."</subfield></datafield><datafield ind1=" " ind2=" " tag="588"><subfield code="a">Description based on: No. 447 (June 25-July 8, 1993).</subfield></datafield><datafield ind1=" " ind2="0" tag="651"><subfield code="a">California, Southern</subfield><subfield code="v">Newspapers.</subfield></datafield><datafield ind1=" " ind2="7" tag="655"><subfield code="a">Newspapers.</subfield><subfield code="2">fast</subfield><subfield code="0">(OCoLC)fst01423814</subfield></datafield><datafield ind1=" " ind2="7" tag="651"><subfield code="a">California, Southern.</subfield><subfield code="2">fast</subfield><subfield code="0">(OCoLC)fst01692638</subfield></datafield><datafield ind1=" " ind2=" " tag="752"><subfield code="a">United States</subfield><subfield code="b">California</subfield><subfield code="c">San Diego</subfield><subfield code="d">San Diego.</subfield></datafield><datafield ind1="0" ind2=" " tag="775"><subfield code="t">San Diego log</subfield><subfield code="w">(DLC)sn 79007383</subfield></datafield></record>